
@article{song2004,
	title = {Internet Gratifications and Internet Addiction: On the Uses and Abuses of New Media},
	author = {Song, Indeok and Larose, Robert and Eastin, Matthew S. and Lin, Carolyn A.},
	year = {2004},
	date = {2004},
	journal = {CyberPsychology & Behavior},
	pages = {384--394},
	volume = {7},
	number = {4},
	doi = {10.1089/cpb.2004.7.384},
	url = {http://www.liebertpub.com/doi/10.1089/cpb.2004.7.384},
	langid = {en}
}

@article{song2004,
	title = {Internet Gratifications and Internet Addiction: On the Uses and Abuses of New Media},
	author = {Song, Indeok and Larose, Robert and Eastin, Matthew S. and Lin, Carolyn A.},
	year = {2004},
	date = {2004},
	journal = {CyberPsychology & Behavior},
	pages = {384--394},
	volume = {7},
	number = {4},
	doi = {10.1089/cpb.2004.7.384},
	url = {http://www.liebertpub.com/doi/10.1089/cpb.2004.7.384},
	langid = {en}
}
