@book{Fretwurst2022a,
  title = {Statistik und Datenanalyse: Aufbau. Begleittext zum Modul am IKMZ im HS22.},
  author = {Fretwurst, Benjamin},
  date = {2022-12-22},
  location = {{Z\"urich}},
  url = {https://www.ikmz.uzh.ch/static/methoden/Statistik-Aufbau/},
  urldate = {2023-01-06},
  langid = {ngerman}
}
